@article{kindstedt1997recent,
  title={Recent developments in the science and technology of pizza cheese},
  author={Kindstedt, PS and Guo, MR},
  journal={Australian Journal of Dairy Technology},
  volume={52},
  number={1},
  pages={41},
  year={1997},
  publisher={Dairy Industry Association of Australia}
}

@article{farkye2003use,
  title={Use of dry milk protein concentrate in pizza cheese manufactured by culture or direct acidification},
  author={Farkye, Nana Y and Yim, B and others},
  journal={Journal of dairy science},
  volume={86},
  number={12},
  pages={3841--3848},
  year={2003},
  publisher={Elsevier}
}